<record><leader>00000cas a2200000 a 4500</leader><controlfield tag="001">21272614</controlfield><controlfield tag="007">hd afu---bucu</controlfield><controlfield tag="008">900327d186u186uncudr n a     0    0eng c</controlfield><datafield ind1=" " ind2=" " tag="010"><subfield code="a">sn 96048658 </subfield></datafield><datafield ind1=" " ind2=" " tag="040"><subfield code="a">NGU</subfield><subfield code="b">eng</subfield><subfield code="c">NGU</subfield><subfield code="d">WAU</subfield><subfield code="d">OCL</subfield><subfield code="d">FUG</subfield><subfield code="d">OCLCQ</subfield><subfield code="d">OCLCF</subfield><subfield code="d">OCLCO</subfield><subfield code="d">OCLCQ</subfield></datafield><datafield ind1=" " ind2=" " tag="012"><subfield code="i">9612</subfield></datafield><datafield ind1=" " ind2=" " tag="042"><subfield code="a">pcc</subfield></datafield><datafield ind1=" " ind2=" " tag="043"><subfield code="a">n-us-nc</subfield></datafield><datafield ind1="0" ind2="0" tag="245"><subfield code="a">Goldsboro daily rough notes.</subfield></datafield><datafield ind1="1" ind2="3" tag="246"><subfield code="a">Daily rough notes</subfield></datafield><datafield ind1="1" ind2=" " tag="246"><subfield code="i">Title on introductory frame:</subfield><subfield code="a">Goldsboro miscellaneous newspapers, 1849-1884</subfield></datafield><datafield ind1=" " ind2=" " tag="260"><subfield code="a">Goldsboro, N.C. :</subfield><subfield code="b">J.A. Bonitz</subfield></datafield><datafield ind1=" " ind2=" " tag="300"><subfield code="a">volumes</subfield></datafield><datafield ind1=" " ind2=" " tag="310"><subfield code="a">Daily</subfield></datafield><datafield ind1=" " ind2=" " tag="336"><subfield code="a">text</subfield><subfield code="b">txt</subfield><subfield code="2">rdacontent</subfield></datafield><datafield ind1=" " ind2=" " tag="337"><subfield code="a">microform</subfield><subfield code="b">h</subfield><subfield code="2">rdamedia</subfield></datafield><datafield ind1=" " ind2=" " tag="338"><subfield code="a">microfilm reel</subfield><subfield code="b">hd</subfield><subfield code="2">rdacarrier</subfield></datafield><datafield ind1=" " ind2=" " tag="588"><subfield code="a">Description based on: New ser., v. 1, no. 43 (Apr. 28, 1868).</subfield></datafield><datafield ind1=" " ind2=" " tag="588"><subfield code="a">Latest issue consulted: New ser., v. 1, no. 43 (Apr. 28, 1868).</subfield></datafield><datafield ind1=" " ind2=" " tag="533"><subfield code="a">Microfilm.</subfield><subfield code="b">Raleigh, N.C. :</subfield><subfield code="c">North Carolina Dept. of Archives and History, Division of Archives and Manuscripts.</subfield><subfield code="e">microfilm reels ; 35 mm.</subfield><subfield code="n">Filmed with other titles.</subfield></datafield><datafield ind1=" " ind2="0" tag="651"><subfield code="a">Goldsboro (N.C.)</subfield><subfield code="v">Newspapers.</subfield></datafield><datafield ind1=" " ind2="7" tag="651"><subfield code="a">North Carolina</subfield><subfield code="z">Goldsboro.</subfield><subfield code="2">fast</subfield><subfield code="0">(OCoLC)fst01207262</subfield></datafield><datafield ind1=" " ind2="7" tag="655"><subfield code="a">Newspapers.</subfield><subfield code="2">fast</subfield><subfield code="0">(OCoLC)fst01423814</subfield></datafield><datafield ind1=" " ind2=" " tag="752"><subfield code="a">United States</subfield><subfield code="b">North Carolina</subfield><subfield code="c">Wayne</subfield><subfield code="d">Goldsboro.</subfield></datafield><datafield ind1="1" ind2=" " tag="776"><subfield code="c">Original</subfield><subfield code="w">(DLC)sn 91068325</subfield></datafield><datafield ind1="0" ind2="0" tag="780"><subfield code="t">Daily rough notes</subfield><subfield code="w">(DLC)sn 96048657</subfield><subfield code="w">(OCoLC)36095430</subfield></datafield><datafield ind1=" " ind2=" " tag="850"><subfield code="a">WaU</subfield></datafield><datafield ind1="1" ind2=" " tag="029"><subfield code="a">AU@</subfield><subfield code="b">000013027054</subfield></datafield></record>